<record><leader>00000cas a22000007a 4500</leader><controlfield tag="001">15133599</controlfield><controlfield tag="008">870130d19661968txubr ne      0    0eng d</controlfield><datafield ind1=" " ind2=" " tag="010"><subfield code="a">sn 86090644 </subfield></datafield><datafield ind1=" " ind2=" " tag="040"><subfield code="a">PPM</subfield><subfield code="b">eng</subfield><subfield code="c">PPM</subfield><subfield code="d">OCLCQ</subfield></datafield><datafield ind1=" " ind2=" " tag="042"><subfield code="a">msc</subfield></datafield><datafield ind1="0" ind2=" " tag="130"><subfield code="a">Lamesa reporter (Lamesa, Tex. : 1966)</subfield></datafield><datafield ind1="1" ind2="4" tag="245"><subfield code="a">The Lamesa reporter.</subfield></datafield><datafield ind1=" " ind2=" " tag="260"><subfield code="a">Lamesa, Tex. :</subfield><subfield code="b">Lowell Hunt,</subfield><subfield code="c">1966-1968.</subfield></datafield><datafield ind1=" " ind2=" " tag="310"><subfield code="a">Biweekly</subfield></datafield><datafield ind1="0" ind2=" " tag="362"><subfield code="a">Vol. 1, no. 1 (Oct. 9, 1966)-v. 3, no. 43 (Mar. 3, 1968).</subfield></datafield><datafield ind1=" " ind2=" " tag="752"><subfield code="a">United States</subfield><subfield code="b">Texas</subfield><subfield code="c">Dawson</subfield><subfield code="d">Lamesa.</subfield></datafield><datafield ind1="0" ind2="0" tag="780"><subfield code="t">Lamesa daily reporter</subfield><subfield code="w">(DLC)sn 86090619</subfield></datafield><datafield ind1="0" ind2="7" tag="785"><subfield code="t">Dawson County free press</subfield><subfield code="w">(DLC)sn 86090645</subfield></datafield><datafield ind1="0" ind2="7" tag="785"><subfield code="t">Lamesa press-reporter</subfield><subfield code="w">(DLC)sn 86090617</subfield></datafield></record>